<?xml version='1.0' encoding='UTF-8'?>
<collection xmlns='http://www.loc.gov/MARC21/slim' xmlns:xsi='http://www.w3.org/2001/XMLSchema-instance' xsi:schemaLocation='http://www.loc.gov/MARC21/slim http://www.loc.gov/standards/marcxml/schema/MARC21slim.xsd'>
  <record xmlns="http://www.loc.gov/MARC21/slim">
    <leader>01172nam 2200373 i 4500</leader>
    <controlfield tag="001">991037481351903811</controlfield>
    <controlfield tag="005">20201119112625.0</controlfield>
    <controlfield tag="006">m o d | </controlfield>
    <controlfield tag="007">cr#cnu||||||||</controlfield>
    <controlfield tag="008">171008s2012 sp o 001 1 spa d</controlfield>
    <datafield ind1=" " ind2=" " tag="020">
      <subfield code="a">84-206-7389-7</subfield>
    </datafield>
    <datafield ind1=" " ind2=" " tag="035">
      <subfield code="a">(CKB)3790000000476898</subfield>
    </datafield>
    <datafield ind1=" " ind2=" " tag="035">
      <subfield code="a">(MiAaPQ)EBC4909461</subfield>
    </datafield>
    <datafield ind1=" " ind2=" " tag="035">
      <subfield code="a">(EXLCZ)993790000000476898</subfield>
    </datafield>
    <datafield ind1=" " ind2=" " tag="040">
      <subfield code="a">FINmELB</subfield>
      <subfield code="b">spa</subfield>
      <subfield code="e">rda</subfield>
      <subfield code="c">FINmELB</subfield>
    </datafield>
    <datafield ind1=" " ind2="4" tag="050">
      <subfield code="a">PR823</subfield>
      <subfield code="b">E428 2012</subfield>
    </datafield>
    <datafield ind1=" " ind2=" " tag="080">
      <subfield code="a">821.111-3</subfield>
    </datafield>
    <datafield ind1="0" ind2=" " tag="082">
      <subfield code="a">823.009</subfield>
      <subfield code="2">23</subfield>
    </datafield>
    <datafield ind1="1" ind2=" " tag="100">
      <subfield code="a">Eliot, George.</subfield>
    </datafield>
    <datafield ind1="1" ind2="0" tag="245">
      <subfield code="a">Silas Marner /</subfield>
      <subfield code="c">George Eliot.</subfield>
    </datafield>
    <datafield ind1=" " ind2="1" tag="264">
      <subfield code="a">Madrid :</subfield>
      <subfield code="b">Difusora Larousse - Alianza Editorial,</subfield>
      <subfield code="c">[2012]</subfield>
    </datafield>
    <datafield ind1=" " ind2=" " tag="300">
      <subfield code="a">1 online resource (158 páginas sin numerar)</subfield>
    </datafield>
    <datafield ind1=" " ind2=" " tag="336">
      <subfield code="a">text</subfield>
      <subfield code="2">rdacontent</subfield>
    </datafield>
    <datafield ind1=" " ind2=" " tag="337">
      <subfield code="a">computer</subfield>
      <subfield code="2">rdamedia</subfield>
    </datafield>
    <datafield ind1=" " ind2=" " tag="338">
      <subfield code="a">online resource</subfield>
      <subfield code="2">rdacarrier</subfield>
    </datafield>
    <datafield ind1=" " ind2=" " tag="500">
      <subfield code="a">Contiene índice.</subfield>
    </datafield>
    <datafield ind1=" " ind2=" " tag="588">
      <subfield code="a">Description based on online resource; title from PDF title page (ebrary, viewed October 08, 2017).</subfield>
    </datafield>
    <datafield ind1=" " ind2="0" tag="650">
      <subfield code="a">English fiction.</subfield>
    </datafield>
    <datafield ind1=" " ind2="4" tag="650">
      <subfield code="a">Novela inglesa.</subfield>
    </datafield>
    <datafield ind1=" " ind2="0" tag="650">
      <subfield code="a">English literature.</subfield>
    </datafield>
    <datafield ind1=" " ind2="4" tag="650">
      <subfield code="a">Literatura inglesa.</subfield>
    </datafield>
    <datafield ind1=" " ind2="4" tag="655">
      <subfield code="a">Libros electronicos.</subfield>
    </datafield>
    <datafield ind1="2" ind2=" " tag="797">
      <subfield code="a">e-libro, Corp.</subfield>
    </datafield>
    <datafield ind1=" " ind2=" " tag="776">
      <subfield code="z">84-206-6957-1</subfield>
    </datafield>
    <datafield ind1=" " ind2=" " tag="906">
      <subfield code="a">BOOK</subfield>
    </datafield>
    <datafield ind1=" " ind2=" " tag="ADM">
      <subfield code="b">2020-12-01 12:15:57</subfield>
      <subfield code="e">(CKB)3790000000476898</subfield>
      <subfield code="d">EBC</subfield>
      <subfield code="a">2017-11-11 15:18:22</subfield>
      <subfield code="c">false</subfield>
    </datafield>
    <datafield ind1=" " ind2=" " tag="PRT">
      <subfield code="updated">2020-04-09 22:03:38</subfield>
      <subfield code="i">61508713510003811</subfield>
      <subfield code="e">Ebook Central</subfield>
      <subfield code="c">Elibro via Ebook Central Premium</subfield>
      <subfield code="created">2020-04-09 22:02:19</subfield>
      <subfield code="j">62508713500003811</subfield>
      <subfield code="a">53509216060003811</subfield>
      <subfield code="b">https://sandbox01-na.alma.exlibrisgroup.com/view/uresolver/01TULI_INST/openurl?u.ignore_date_coverage=true&amp;rft.mms_id=991037481351903811</subfield>
      <subfield code="9">Available</subfield>
      <subfield code="h">613790000000001515</subfield>
      <subfield code="8">53509216060003811</subfield>
    </datafield>
  </record>