
  <record xmlns="http://www.loc.gov/MARC21/slim">
    <leader>01069aam a2200289Ii 4500</leader>
    <controlfield tag="005">20191202195855.0</controlfield>
    <controlfield tag="008">180810s2019 enk 000 p eng d</controlfield>
    <controlfield tag="001">991037310799703811</controlfield>
    <datafield ind1=" " ind2=" " tag="020">
      <subfield code="a">0571351131</subfield>
    </datafield>
    <datafield ind1=" " ind2=" " tag="020">
      <subfield code="a">9780571351138</subfield>
      <subfield code="q">(hardback)</subfield>
    </datafield>
    <datafield ind1=" " ind2=" " tag="035">
      <subfield code="a">(OCoLC)1128268119</subfield>
    </datafield>
    <datafield ind1=" " ind2=" " tag="040">
      <subfield code="a">YDX</subfield>
      <subfield code="b">eng</subfield>
      <subfield code="c">YDX</subfield>
      <subfield code="d">BDX</subfield>
      <subfield code="d">OCLCQ</subfield>
      <subfield code="d">UKMGB</subfield>
      <subfield code="d">OCLCQ</subfield>
      <subfield code="d">PPT</subfield>
    </datafield>
    <datafield ind1=" " ind2="4" tag="050">
      <subfield code="a">PS3509.L43</subfield>
      <subfield code="b">W3 2019</subfield>
    </datafield>
    <datafield ind1="0" ind2="4" tag="082">
      <subfield code="a">821.912</subfield>
      <subfield code="2">23</subfield>
    </datafield>
    <datafield ind1="1" ind2=" " tag="100">
      <subfield code="a">Eliot, T. S.</subfield>
      <subfield code="q">(Thomas Stearns),</subfield>
      <subfield code="d">1888-1965</subfield>
      <subfield code="e">author.</subfield>
      <subfield code="0">http://id.loc.gov/authorities/names/n79006870</subfield>
    </datafield>
    <datafield ind1="1" ind2="4" tag="245">
      <subfield code="a">The waste land /</subfield>
      <subfield code="c">T.S. Eliot.</subfield>
    </datafield>
    <datafield ind1=" " ind2=" " tag="250">
      <subfield code="a">Faber and Faber 90th anniversary special edition.</subfield>
    </datafield>
    <datafield ind1=" " ind2="1" tag="264">
      <subfield code="a">London :</subfield>
      <subfield code="b">Faber &amp; Faber,</subfield>
      <subfield code="c">2019.</subfield>
    </datafield>
    <datafield ind1=" " ind2=" " tag="300">
      <subfield code="a">41 pages ;</subfield>
      <subfield code="c">20 cm</subfield>
    </datafield>
    <datafield ind1=" " ind2=" " tag="336">
      <subfield code="a">text</subfield>
      <subfield code="b">txt</subfield>
      <subfield code="2">rdacontent</subfield>
    </datafield>
    <datafield ind1=" " ind2=" " tag="337">
      <subfield code="a">unmediated</subfield>
      <subfield code="b">n</subfield>
      <subfield code="2">rdamedia</subfield>
    </datafield>
    <datafield ind1=" " ind2=" " tag="338">
      <subfield code="a">volume</subfield>
      <subfield code="b">nc</subfield>
      <subfield code="2">rdacarrier</subfield>
    </datafield>
    <datafield ind1=" " ind2="7" tag="655">
      <subfield code="a">Poetry.</subfield>
      <subfield code="2">lcgft</subfield>
      <subfield code="0">http://id.loc.gov/authorities/genreForms/gf2014026481</subfield>
    </datafield>
    <datafield ind1=" " ind2="7" tag="655">
      <subfield code="a">Poetry.</subfield>
      <subfield code="2">fast</subfield>
      <subfield code="0">http://id.worldcat.org/fast/1423828</subfield>
    </datafield>
    <datafield ind1=" " ind2=" " tag="904">
      <subfield code="a">MARCIVE 20191217</subfield>
    </datafield>
    <datafield ind1=" " ind2=" " tag="979">
      <subfield code="a">(OCoLC)1128268119</subfield>
    </datafield>
    <datafield ind1=" " ind2=" " tag="997">
      <subfield code="a">20191118085855.0</subfield>
      <subfield code="c">CEP</subfield>
      <subfield code="d">TEU</subfield>
      <subfield code="s">OCLC</subfield>
      <subfield code="e">WCAT</subfield>
    </datafield>
    <datafield ind1=" " ind2=" " tag="ADM">
      <subfield code="b">2021-03-05 12:44:44</subfield>
      <subfield code="e">991037310799703811</subfield>
      <subfield code="d">MARCIVE</subfield>
      <subfield code="f">20191202195855.0</subfield>
      <subfield code="a">2019-09-27 19:08:35</subfield>
      <subfield code="c">false</subfield>
    </datafield>
    <datafield ind1="0" ind2=" " tag="HLD">
      <subfield code="b">AMBLER</subfield>
      <subfield code="c">stacks</subfield>
      <subfield code="h">PS3509.L43</subfield>
      <subfield code="i">W3 2019</subfield>
      <subfield code="8">22474493290003811</subfield>
      <subfield code="updated">2019-11-18 14:19:06</subfield>
      <subfield code="created">2019-09-27 19:08:57</subfield>
    </datafield>
    <datafield ind1=" " ind2=" " tag="ITM">
      <subfield code="r">22474493290003811</subfield>
      <subfield code="b">1</subfield>
      <subfield code="h">0</subfield>
      <subfield code="g">stacks</subfield>
      <subfield code="t">BOOK</subfield>
      <subfield code="9">39074031800808</subfield>
      <subfield code="e">stacks</subfield>
      <subfield code="l">0</subfield>
      <subfield code="8">23474493280003811</subfield>
      <subfield code="a">0</subfield>
      <subfield code="i">PS3509.L43 W3 2019</subfield>
      <subfield code="updated">2020-10-01 15:56:42</subfield>
      <subfield code="q">2019-09-27 19:08:57</subfield>
      <subfield code="d">AMBLER</subfield>
      <subfield code="f">AMBLER</subfield>
    </datafield>
  </record>