
  <record xmlns="http://www.loc.gov/MARC21/slim">
    <leader>01851nam a2200457 4500</leader>
    <controlfield tag="005">20190715234344.0</controlfield>
    <controlfield tag="008">950511s1956 enk b 001 0 eng </controlfield>
    <controlfield tag="001">991020180379703811</controlfield>
    <datafield ind1=" " ind2=" " tag="010">
      <subfield code="a">57000548 /L</subfield>
    </datafield>
    <datafield ind1=" " ind2=" " tag="035">
      <subfield code="a">(PPT)b14139078-01tuli_inst</subfield>
    </datafield>
    <datafield ind1=" " ind2=" " tag="035">
      <subfield code="a">(CStRLIN)ocn471405572</subfield>
      <subfield code="9">ExL</subfield>
    </datafield>
    <datafield ind1=" " ind2=" " tag="035">
      <subfield code="a">PATG95-B29625</subfield>
    </datafield>
    <datafield ind1=" " ind2=" " tag="035">
      <subfield code="a">ocm01005306</subfield>
    </datafield>
    <datafield ind1=" " ind2=" " tag="035">
      <subfield code="a">(OCLC)ocm01005306</subfield>
    </datafield>
    <datafield ind1=" " ind2=" " tag="040">
      <subfield code="b">eng</subfield>
      <subfield code="c">IaU</subfield>
      <subfield code="d">NIC</subfield>
      <subfield code="d">PU</subfield>
      <subfield code="d">PPT</subfield>
    </datafield>
    <datafield ind1=" " ind2=" " tag="079">
      <subfield code="a">ocm01005306</subfield>
    </datafield>
    <datafield ind1=" " ind2=" " tag="090">
      <subfield code="a">PQ2344.Z5C55 1956</subfield>
    </datafield>
    <datafield ind1="1" ind2=" " tag="100">
      <subfield code="a">Chiari, Joseph.</subfield>
      <subfield code="0">http://id.loc.gov/authorities/names/n79007031</subfield>
    </datafield>
    <datafield ind1="1" ind2="0" tag="245">
      <subfield code="a">Symbolisme from Poe to Mallarmé;</subfield>
      <subfield code="b">the growth of a myth. /</subfield>
      <subfield code="c">Foreword by T.S. Eliot.</subfield>
    </datafield>
    <datafield ind1=" " ind2="1" tag="264">
      <subfield code="a">London :</subfield>
      <subfield code="b">Rockliff,</subfield>
      <subfield code="c">[1956]</subfield>
    </datafield>
    <datafield ind1=" " ind2=" " tag="300">
      <subfield code="a">x, 198 pages ;</subfield>
      <subfield code="c">22 cm</subfield>
    </datafield>
    <datafield ind1=" " ind2=" " tag="336">
      <subfield code="a">text</subfield>
      <subfield code="b">txt</subfield>
      <subfield code="2">rdacontent</subfield>
    </datafield>
    <datafield ind1=" " ind2=" " tag="337">
      <subfield code="a">unmediated</subfield>
      <subfield code="b">n</subfield>
      <subfield code="2">rdamedia</subfield>
    </datafield>
    <datafield ind1=" " ind2=" " tag="338">
      <subfield code="a">volume</subfield>
      <subfield code="b">nc</subfield>
      <subfield code="2">rdacarrier</subfield>
    </datafield>
    <datafield ind1=" " ind2=" " tag="504">
      <subfield code="a">Includes bibliographical references (pages 188-192) and index.</subfield>
    </datafield>
    <datafield ind1=" " ind2="0" tag="650">
      <subfield code="a">Symbolism in literature.</subfield>
      <subfield code="0">http://id.loc.gov/authorities/subjects/sh85131419</subfield>
    </datafield>
    <datafield ind1=" " ind2="7" tag="650">
      <subfield code="a">Symbolism in literature.</subfield>
      <subfield code="2">fast</subfield>
      <subfield code="0">http://id.worldcat.org/fast/1759341</subfield>
    </datafield>
    <datafield ind1="1" ind2="0" tag="600">
      <subfield code="a">Mallarmé, Stéphane,</subfield>
      <subfield code="d">1842-1898.</subfield>
      <subfield code="0">http://id.loc.gov/authorities/names/n79045066</subfield>
    </datafield>
    <datafield ind1="1" ind2="7" tag="600">
      <subfield code="a">Mallarmé, Stéphane,</subfield>
      <subfield code="d">1842-1898.</subfield>
      <subfield code="2">fast</subfield>
      <subfield code="0">http://id.worldcat.org/fast/34378</subfield>
    </datafield>
    <datafield ind1="1" ind2="0" tag="600">
      <subfield code="a">Poe, Edgar Allan,</subfield>
      <subfield code="d">1809-1849.</subfield>
      <subfield code="0">http://id.loc.gov/authorities/names/n79029745</subfield>
    </datafield>
    <datafield ind1="1" ind2="7" tag="600">
      <subfield code="a">Poe, Edgar Allan,</subfield>
      <subfield code="d">1809-1849.</subfield>
      <subfield code="2">fast</subfield>
      <subfield code="0">http://id.worldcat.org/fast/32674</subfield>
    </datafield>
    <datafield ind1=" " ind2="7" tag="600">
      <subfield code="a">Poe, Edgar Allan,</subfield>
      <subfield code="d">1809-1849.</subfield>
      <subfield code="2">fast</subfield>
      <subfield code="0">http://id.worldcat.org/fast/32674</subfield>
    </datafield>
    <datafield ind1=" " ind2="7" tag="600">
      <subfield code="a">Mallarmé, Stéphane,</subfield>
      <subfield code="d">1842-1898.</subfield>
      <subfield code="2">fast</subfield>
      <subfield code="0">http://id.worldcat.org/fast/34378</subfield>
    </datafield>
    <datafield ind1=" " ind2=" " tag="902">
      <subfield code="a">MARCIVE-BF 20190703</subfield>
    </datafield>
    <datafield ind1=" " ind2=" " tag="904">
      <subfield code="a">MARCIVE 20200629</subfield>
    </datafield>
    <datafield ind1=" " ind2=" " tag="907">
      <subfield code="a">.b14139078</subfield>
      <subfield code="b">p </subfield>
      <subfield code="c">-</subfield>
    </datafield>
    <datafield ind1=" " ind2=" " tag="935">
      <subfield code="a">00445986</subfield>
    </datafield>
    <datafield ind1=" " ind2=" " tag="945">
      <subfield code="l">pstk </subfield>
      <subfield code="g">1</subfield>
    </datafield>
    <datafield ind1=" " ind2=" " tag="950">
      <subfield code="l">P</subfield>
      <subfield code="i">05/11/95 N</subfield>
    </datafield>
    <datafield ind1=" " ind2=" " tag="955">
      <subfield code="l">P</subfield>
      <subfield code="c">0</subfield>
      <subfield code="i">05/11/95 C</subfield>
    </datafield>
    <datafield ind1=" " ind2=" " tag="979">
      <subfield code="a">ocm01005306</subfield>
    </datafield>
    <datafield ind1=" " ind2=" " tag="998">
      <subfield code="b">1</subfield>
      <subfield code="c">990101</subfield>
      <subfield code="d">m</subfield>
      <subfield code="e">a</subfield>
      <subfield code="f">-</subfield>
      <subfield code="g">0</subfield>
    </datafield>
    <datafield ind1=" " ind2=" " tag="998">
      <subfield code="a">05/11/95</subfield>
      <subfield code="t">c</subfield>
      <subfield code="s">9114</subfield>
      <subfield code="l">PATG</subfield>
      <subfield code="n">PPT</subfield>
      <subfield code="w">PAUGC002804891B</subfield>
      <subfield code="d">05/11/95</subfield>
      <subfield code="b">TB</subfield>
      <subfield code="i">950511</subfield>
    </datafield>
    <datafield ind1=" " ind2=" " tag="ADM">
      <subfield code="b">2020-07-24 12:44:04</subfield>
      <subfield code="e">b14139078-01tuli_inst</subfield>
      <subfield code="d">MARCIVE</subfield>
      <subfield code="f">20190607144805.0</subfield>
      <subfield code="a">2017-06-20 06:50:31</subfield>
      <subfield code="c">false</subfield>
    </datafield>
    <datafield ind1="0" ind2=" " tag="HLD">
      <subfield code="b">MAIN</subfield>
      <subfield code="c">stacks</subfield>
      <subfield code="h">PQ2344.Z5C55 1956</subfield>
      <subfield code="8">22255711350003811</subfield>
      <subfield code="created">2017-06-20 06:50:31</subfield>
    </datafield>
    <datafield ind1=" " ind2=" " tag="ITM">
      <subfield code="r">22255711350003811</subfield>
      <subfield code="b">1</subfield>
      <subfield code="h">0</subfield>
      <subfield code="g">stacks</subfield>
      <subfield code="t">BOOK</subfield>
      <subfield code="9">39074003382942</subfield>
      <subfield code="e">stacks</subfield>
      <subfield code="8">23255711320003811</subfield>
      <subfield code="a">0</subfield>
      <subfield code="i">PQ2344.Z5C55 1956</subfield>
      <subfield code="updated">2017-06-20 06:51:07</subfield>
      <subfield code="q">2017-06-20 06:50:31</subfield>
      <subfield code="d">MAIN</subfield>
      <subfield code="f">MAIN</subfield>
    </datafield>
  </record>