
  <record xmlns="http://www.loc.gov/MARC21/slim">
    <leader>01781cam a2200445Ia 4500</leader>
    <controlfield tag="005">20190923161653.0</controlfield>
    <controlfield tag="008">050627t20052005nyu b 000 1 eng d</controlfield>
    <controlfield tag="001">991002633159703811</controlfield>
    <datafield ind1=" " ind2=" " tag="020">
      <subfield code="a">1593082797</subfield>
      <subfield code="q">paperback</subfield>
    </datafield>
    <datafield ind1=" " ind2=" " tag="020">
      <subfield code="a">9781593082796</subfield>
      <subfield code="q">paperback</subfield>
    </datafield>
    <datafield ind1=" " ind2=" " tag="035">
      <subfield code="a">(PPT)b43263835-01tuli_inst</subfield>
    </datafield>
    <datafield ind1=" " ind2=" " tag="035">
      <subfield code="a">(OCoLC)ocn680642121</subfield>
      <subfield code="9">ExL</subfield>
    </datafield>
    <datafield ind1=" " ind2=" " tag="035">
      <subfield code="a">(OCoLC)60747139</subfield>
    </datafield>
    <datafield ind1=" " ind2=" " tag="035">
      <subfield code="a">ocm60747139</subfield>
    </datafield>
    <datafield ind1=" " ind2=" " tag="035">
      <subfield code="a">(OCLC)ocm60747139</subfield>
    </datafield>
    <datafield ind1=" " ind2=" " tag="040">
      <subfield code="a">DAJ</subfield>
      <subfield code="b">eng</subfield>
      <subfield code="c">DAJ</subfield>
      <subfield code="d">BAKER</subfield>
      <subfield code="d">BTCTA</subfield>
      <subfield code="d">OCLCG</subfield>
    </datafield>
    <datafield ind1=" " ind2="4" tag="050">
      <subfield code="a">PS3509.L43</subfield>
      <subfield code="b">A6 2005</subfield>
    </datafield>
    <datafield ind1=" " ind2=" " tag="079">
      <subfield code="a">ocm60747139</subfield>
    </datafield>
    <datafield ind1=" " ind2=" " tag="090">
      <subfield code="a">PS3509.L43</subfield>
      <subfield code="b">A6 2005</subfield>
    </datafield>
    <datafield ind1="1" ind2=" " tag="100">
      <subfield code="a">Eliot, T. S.</subfield>
      <subfield code="q">(Thomas Stearns),</subfield>
      <subfield code="d">1888-1965.</subfield>
      <subfield code="0">http://id.loc.gov/authorities/names/n79006870</subfield>
    </datafield>
    <datafield ind1="1" ind2="4" tag="245">
      <subfield code="a">The waste land and other poems /</subfield>
      <subfield code="c">T.S. Eliot.</subfield>
    </datafield>
    <datafield ind1=" " ind2="1" tag="264">
      <subfield code="a">New York :</subfield>
      <subfield code="b">Barnes &amp; Noble Classics,</subfield>
      <subfield code="c">[2005]</subfield>
    </datafield>
    <datafield ind1=" " ind2="4" tag="264">
      <subfield code="c">©2005</subfield>
    </datafield>
    <datafield ind1=" " ind2=" " tag="300">
      <subfield code="a">xxxi, 121 pages ;</subfield>
      <subfield code="c">21 cm</subfield>
    </datafield>
    <datafield ind1=" " ind2=" " tag="336">
      <subfield code="a">text</subfield>
      <subfield code="b">txt</subfield>
      <subfield code="2">rdacontent</subfield>
    </datafield>
    <datafield ind1=" " ind2=" " tag="337">
      <subfield code="a">unmediated</subfield>
      <subfield code="b">n</subfield>
      <subfield code="2">rdamedia</subfield>
    </datafield>
    <datafield ind1=" " ind2=" " tag="338">
      <subfield code="a">volume</subfield>
      <subfield code="b">nc</subfield>
      <subfield code="2">rdacarrier</subfield>
    </datafield>
    <datafield ind1=" " ind2=" " tag="504">
      <subfield code="a">Includes bibliographical references (119-121).</subfield>
    </datafield>
    <datafield ind1="0" ind2=" " tag="505">
      <subfield code="a">The world of T.S. Eliot and his poetry -- Introduction by Randy Malamud -- Prufrock and other observations (1917) -- Poems 1920 -- The waste land (1922) -- Endnotes -- Inspired by T.S. Eliot and The Waste Land -- Comments &amp; questions.</subfield>
    </datafield>
    <datafield ind1=" " ind2="0" tag="650">
      <subfield code="a">American poetry</subfield>
      <subfield code="y">20th century.</subfield>
      <subfield code="0">http://id.loc.gov/authorities/subjects/sh85004387</subfield>
    </datafield>
    <datafield ind1="1" ind2="7" tag="650">
      <subfield code="a">American poetry.</subfield>
      <subfield code="2">fast</subfield>
      <subfield code="0">http://id.worldcat.org/fast/807348</subfield>
    </datafield>
    <datafield ind1=" " ind2="7" tag="655">
      <subfield code="a">Fiction.</subfield>
      <subfield code="2">lcgft</subfield>
      <subfield code="0">http://id.loc.gov/authorities/genreForms/gf2014026339</subfield>
    </datafield>
    <datafield ind1=" " ind2="7" tag="655">
      <subfield code="a">Fiction.</subfield>
      <subfield code="2">fast</subfield>
      <subfield code="0">http://id.worldcat.org/fast/1423787</subfield>
    </datafield>
    <datafield ind1=" " ind2="7" tag="648">
      <subfield code="a">20th century.</subfield>
      <subfield code="2">fast</subfield>
    </datafield>
    <datafield ind1=" " ind2=" " tag="902">
      <subfield code="a">101112</subfield>
    </datafield>
    <datafield ind1=" " ind2=" " tag="902">
      <subfield code="a">MARCIVE-BF 20190703</subfield>
    </datafield>
    <datafield ind1=" " ind2=" " tag="904">
      <subfield code="a">MARCIVE-SC</subfield>
    </datafield>
    <datafield ind1=" " ind2=" " tag="904">
      <subfield code="a">MARCIVE 20200629</subfield>
    </datafield>
    <datafield ind1=" " ind2=" " tag="907">
      <subfield code="a">.b43263835</subfield>
      <subfield code="b">b </subfield>
      <subfield code="c">-</subfield>
    </datafield>
    <datafield ind1=" " ind2=" " tag="945">
      <subfield code="l">b </subfield>
      <subfield code="g">1</subfield>
    </datafield>
    <datafield ind1=" " ind2=" " tag="979">
      <subfield code="a">ocm60747139</subfield>
    </datafield>
    <datafield ind1=" " ind2=" " tag="998">
      <subfield code="b">0</subfield>
      <subfield code="c">100615</subfield>
      <subfield code="d">m</subfield>
      <subfield code="e">a</subfield>
      <subfield code="f">-</subfield>
      <subfield code="g">4</subfield>
    </datafield>
    <datafield ind1=" " ind2=" " tag="998">
      <subfield code="a">06/15/10</subfield>
      <subfield code="s">OCLC</subfield>
      <subfield code="c">AB</subfield>
    </datafield>
    <datafield ind1=" " ind2=" " tag="ADM">
      <subfield code="b">2021-03-05 12:50:08</subfield>
      <subfield code="e">b43263835-01tuli_inst</subfield>
      <subfield code="d">MARCIVE</subfield>
      <subfield code="f">20190607213407.0</subfield>
      <subfield code="a">2017-06-20 10:47:31</subfield>
      <subfield code="c">false</subfield>
    </datafield>
    <datafield ind1="0" ind2=" " tag="HLD">
      <subfield code="b">BLOCKSON</subfield>
      <subfield code="c">rarestacks</subfield>
      <subfield code="h">PS3509.L43</subfield>
      <subfield code="i">A6 2005</subfield>
      <subfield code="8">22306167390003811</subfield>
      <subfield code="created">2017-06-20 10:47:31</subfield>
    </datafield>
    <datafield ind1=" " ind2=" " tag="ITM">
      <subfield code="r">22306167390003811</subfield>
      <subfield code="b">1</subfield>
      <subfield code="h">0</subfield>
      <subfield code="g">rarestacks</subfield>
      <subfield code="t">BOOK</subfield>
      <subfield code="e">rarestacks</subfield>
      <subfield code="8">23306167380003811</subfield>
      <subfield code="a">3</subfield>
      <subfield code="i">PS3509.L43 A6 2005</subfield>
      <subfield code="updated">2020-03-25 19:30:35</subfield>
      <subfield code="q">2017-06-20 10:47:31</subfield>
      <subfield code="d">BLOCKSON</subfield>
      <subfield code="f">BLOCKSON</subfield>
    </datafield>
  </record>
</collection>
